<record><leader>00000cas a22000007a 4500</leader><controlfield tag="001">10787057</controlfield><controlfield tag="008">840530c19159999wiudr ne      0   a0eng d</controlfield><controlfield tag="009">3770</controlfield><datafield ind1=" " ind2=" " tag="010"><subfield code="a">sn 84025789 </subfield></datafield><datafield ind1=" " ind2=" " tag="040"><subfield code="a">NPV</subfield><subfield code="b">eng</subfield><subfield code="c">NPV</subfield><subfield code="d">DLC</subfield><subfield code="d">CRL</subfield><subfield code="d">DLC</subfield><subfield code="d">OCLCF</subfield></datafield><datafield ind1="1" ind2=" " tag="029"><subfield code="a">AU@</subfield><subfield code="b">000021576720</subfield></datafield><datafield ind1=" " ind2=" " tag="032"><subfield code="a">228180</subfield><subfield code="b">USPS</subfield></datafield><datafield ind1=" " ind2=" " tag="037"><subfield code="b">Green Bay Press-Gazette, 435 E. Walnut St., Green Bay, WI 54703-9430</subfield></datafield><datafield ind1=" " ind2=" " tag="042"><subfield code="a">msc</subfield></datafield><datafield ind1=" " ind2=" " tag="043"><subfield code="a">n-us-wi</subfield></datafield><datafield ind1="0" ind2="0" tag="050"><subfield code="a">Newspaper</subfield></datafield><datafield ind1="0" ind2="0" tag="245"><subfield code="a">Green Bay press-gazette.</subfield></datafield><datafield ind1="3" ind2=" " tag="246"><subfield code="a">Green Bay press gazette</subfield></datafield><datafield ind1="3" ind2="0" tag="246"><subfield code="a">Press-gazette</subfield></datafield><datafield ind1="3" ind2=" " tag="246"><subfield code="a">Press gazette</subfield></datafield><datafield ind1=" " ind2=" " tag="260"><subfield code="a">Green Bay, Wis. :</subfield><subfield code="b">[Green Bay Newspaper Co.],</subfield><subfield code="c">1915-</subfield></datafield><datafield ind1=" " ind2=" " tag="300"><subfield code="a">v.</subfield></datafield><datafield ind1=" " ind2=" " tag="310"><subfield code="a">Daily,</subfield><subfield code="b">&lt;Oct. 31, 2000-&gt;</subfield></datafield><datafield ind1=" " ind2=" " tag="321"><subfield code="a">Daily,</subfield><subfield code="b">&lt;June 29, 1915-&gt;</subfield></datafield><datafield ind1=" " ind2=" " tag="321"><subfield code="a">Daily (except Sunday),</subfield><subfield code="b">&lt;Nov. 21, 1918-&gt;</subfield></datafield><datafield ind1="0" ind2=" " tag="362"><subfield code="a">June 29, 1915-</subfield></datafield><datafield ind1=" " ind2=" " tag="500"><subfield code="a">"A Gannet newspaper", &lt;June 1, 1998-&gt;.</subfield></datafield><datafield ind1=" " ind2=" " tag="530"><subfield code="a">Also available on microfilm from the State Historical Society of Wisconsin and Bell &amp; Howell Information and Learning.</subfield></datafield><datafield ind1=" " ind2=" " tag="530"><subfield code="a">Also available via the Internet. Address as of Oct. 31, 2000: http://www.greenbaypressgazette.com.</subfield></datafield><datafield ind1=" " ind2=" " tag="580"><subfield code="a">Merger of: Free press (Green Bay, Wis.), and: Green Bay gazette.</subfield></datafield><datafield ind1=" " ind2="0" tag="651"><subfield code="a">Green Bay (Wis.)</subfield><subfield code="v">Newspapers.</subfield></datafield><datafield ind1=" " ind2="0" tag="651"><subfield code="a">Brown County (Wis.)</subfield><subfield code="v">Newspapers.</subfield></datafield><datafield ind1=" " ind2="7" tag="655"><subfield code="a">Newspapers.</subfield><subfield code="2">fast</subfield><subfield code="0">(OCoLC)fst01423814</subfield></datafield><datafield ind1=" " ind2="7" tag="651"><subfield code="a">Wisconsin</subfield><subfield code="z">Brown County.</subfield><subfield code="2">fast</subfield><subfield code="0">(OCoLC)fst01213225</subfield></datafield><datafield ind1=" " ind2="7" tag="651"><subfield code="a">Wisconsin</subfield><subfield code="z">Green Bay.</subfield><subfield code="2">fast</subfield><subfield code="0">(OCoLC)fst01210546</subfield></datafield><datafield ind1=" " ind2=" " tag="752"><subfield code="a">United States</subfield><subfield code="b">Wisconsin</subfield><subfield code="c">Brown</subfield><subfield code="d">Green Bay.</subfield></datafield><datafield ind1="1" ind2="4" tag="780"><subfield code="t">Free press (Green Bay, Wis.)</subfield><subfield code="w">(DLC)sn 85040636</subfield><subfield code="w">(OCoLC)12083758</subfield></datafield><datafield ind1="1" ind2="4" tag="780"><subfield code="t">Green Bay gazette</subfield><subfield code="w">(DLC)sn 86086157</subfield><subfield code="w">(OCoLC)13391081</subfield></datafield><datafield ind1="4" ind2="1" tag="856"><subfield code="u">http://www.greenbaypressgazette.com</subfield></datafield><datafield ind1=" " ind2=" " tag="936"><subfield code="a">Vol. 85, no. 125 (Oct. 31, 2000) LIC</subfield></datafield></record>